<?xml version="1.0" encoding="UTF-8"?><record xmlns="http://www.loc.gov/MARC21/slim" xmlns:cinclude="http://apache.org/cocoon/include/1.0" xmlns:zs="http://www.loc.gov/zing/srw/">
  <leader>00767cz  a2200157n  4500</leader>
  <controlfield tag="001">n  88290713 </controlfield>
  <controlfield tag="003">DLC</controlfield>
  <controlfield tag="005">20150313073909.0</controlfield>
  <controlfield tag="008">900726n| azannaabn          |n aaa      </controlfield>
  <datafield tag="010" ind1=" " ind2=" ">
    <subfield code="a">n  88290713 </subfield>
  </datafield>
  <datafield tag="035" ind1=" " ind2=" ">
    <subfield code="a">(OCoLC)oca02787378</subfield>
  </datafield>
  <datafield tag="040" ind1=" " ind2=" ">
    <subfield code="a">DNLM</subfield>
    <subfield code="b">eng</subfield>
    <subfield code="c">DLC</subfield>
    <subfield code="e">rda</subfield>
    <subfield code="d">DNLM</subfield>
  </datafield>
  <datafield tag="100" ind1="1" ind2=" ">
    <subfield code="a">Reider, Bruce</subfield>
  </datafield>
  <datafield tag="378" ind1=" " ind2=" ">
    <subfield code="q">Bruce C.</subfield>
  </datafield>
  <datafield tag="670" ind1=" " ind2=" ">
    <subfield code="a">Sports medicine, 1991:</subfield>
    <subfield code="b">CIP t.p. (Bruce Reider, M.D.; dir., Sports Med., Section of Orthopedics, Univ. of Chicago Med. Center, Chicago, ILL)</subfield>
  </datafield>
  <datafield tag="670" ind1=" " ind2=" ">
    <subfield code="a">Orthopaedic rehabilitation of the athlete, 2015:</subfield>
    <subfield code="b">ECIP t.p. (Bruce Reider) bk. t.p. (Bruce C. Reider, AB, MD; professor of Orthopaedic Surgery, emeritus, Department of Orthopaedic Surgery and Rehabilitation Medicine, Head Team Physician, The University of Chicago, Chicago, Illinois)</subfield>
  </datafield>
</record>